@article{fisher1933debt,
  title={The debt-deflation theory of great depressions},
  author={Fisher, Irving},
  journal={Econometrica: Journal of the Econometric Society},
  pages={337--357},
  year={1933},
  publisher={JSTOR}
}

@book{friedman2008monetary,
  title={A monetary history of the United States, 1867-1960},
  author={Friedman, Milton and Schwartz, Anna Jacobson},
  year={2008},
  publisher={Princeton University Press}
}

@article{wickham2014tidy,
  title={Tidy data},
  author={Hadley Wickham},
  year={submitted},
  url={http://vita.had.co.nz/papers/tidy-data.pdf},
}

@article{wickham2007reshaping,
  title={Reshaping Data with the reshape Package},
  author={Wickham, Hadley},
  journal={Journal of Statistical Software},
  volume={21},
  number={12},
  pages={1--20},
  year={2007},
}

@article{morris1998unique,
  title={Unique equilibrium in a model of self-fulfilling currency attacks},
  author={Stephen Morris and Hyun Song Shin},
  journal={American Economic Review},
  pages={587--597},
  year={1998},
  publisher={JSTOR},
  url = {http://www.jstor.org/stable/116850},
}

@misc{obstfeld1986rational,
  title={Rational and self-fulfilling balance-of-payments crises},
  author={Obstfeld, Maurice},
  year={1986},
  publisher={National Bureau of Economic Research Cambridge, Mass., USA},
}

@book{obstfeld1995logic,
  title={The logic of currency crises},
  author={Obstfeld, Maurice},
  year={1995},
  publisher={Springer},
}

@article{obstfeld1996models,
  title={Models of currency crises with self-fulfilling features},
  author={Obstfeld, Maurice},
  journal={European economic review},
  volume={40},
  number={3},
  pages={1037--1047},
  year={1996},
  publisher={Elsevier},
}

@article{eichengreen1993unstable,
  title={The unstable EMS},
  author={Eichengreen, Barry and Wyplosz, Charles and Branson, William H and Dornbusch, Rudiger},
  journal={Brookings papers on economic activity},
  volume={1993},
  number={1},
  pages={51--143},
  year={1993},
  publisher={JSTOR},
}

@article{dornbusch1994mexico,
  title={Mexico: stabilization, reform, and no growth},
  author={Dornbusch, Rudiger and Werner, Alejandro and Calvo, Guillermo and Fischer, Stanley},
  journal={Brookings Papers on Economic Activity},
  volume={1994},
  number={1},
  pages={253--315},
  year={1994},
  publisher={JSTOR},
}

@book{taleb2010black,
  title={The Black Swan: The Impact of the Highly Improbable Fragility},
  author={Nassim Nicholas Taleb},
  year={2010},
  publisher={Random House Digital, Inc.}
}

@article{nakamoto2008bitcoin,
  title={Bitcoin: A Peer-to-Peer Electronic Cash System},
  author={Satoshi Nakamoto},
  year={2008},
  url = {http://bitcoin.org/bitcoin.pdf},
}

@Manual{R,
    title = {R: A Language and Environment for Statistical Computing},
    author = {{R Core Team}},
    organization = {R Foundation for Statistical Computing},
    address = {Vienna, Austria},
    year = {2013},
    url = {http://www.R-project.org/},
  }

@book{kahneman2011thinking,
  title={Thinking, fast and slow},
  author={Daniel Kahneman},
  year={2011},
  publisher={Macmillan},
}
